<collection xmlns="http://www.loc.gov/MARC21/slim"><record><leader>00835nam  2200265   450</leader><controlfield tag="001">632</controlfield><controlfield tag="003">http://montalegre.opacnet.com/OPAC/default.aspx?ContentAreaControl=ShowRegHoldings.ascx&amp;RegNo=16662</controlfield><controlfield tag="005">20</controlfield><datafield tag="021" ind1=" " ind2=" "><subfield code="a">PT</subfield><subfield code="b">29670/89</subfield></datafield><datafield tag="100" ind1=" " ind2=" "><subfield code="a">20061013d1989    c  y0pory0103    ba</subfield></datafield><datafield tag="101" ind1="0" ind2=" "><subfield code="a">por</subfield></datafield><datafield tag="102" ind1=" " ind2=" "><subfield code="a">PT</subfield></datafield><datafield tag="105" ind1=" " ind2=" "><subfield code="a">a   z   000zy</subfield></datafield><datafield tag="106" ind1=" " ind2=" "><subfield code="a">r</subfield></datafield><datafield tag="200" ind1="1" ind2=" "><subfield code="a">&lt;O &gt;rei Rique e outras histórias</subfield><subfield code="f">Ilse Losa</subfield><subfield code="g">il. Júlio Resende</subfield></datafield><datafield tag="210" ind1=" " ind2=" "><subfield code="a">Porto</subfield><subfield code="c">Porto Editora</subfield><subfield code="d">1989</subfield></datafield><datafield tag="215" ind1=" " ind2=" "><subfield code="a">31, [4] p.</subfield><subfield code="c">il.</subfield><subfield code="d">20x27 cm</subfield></datafield><datafield tag="225" ind1="2" ind2=" "><subfield code="a">Autores portugueses</subfield><subfield code="v">7</subfield></datafield><datafield tag="606" ind1=" " ind2=" "><subfield code="a">Literatura infantil</subfield></datafield><datafield tag="675" ind1=" " ind2=" "><subfield code="a">82-93</subfield><subfield code="v">BN</subfield><subfield code="z">por</subfield></datafield><datafield tag="700" ind1=" " ind2="1"><subfield code="a">Losa</subfield><subfield code="b">Ilse</subfield><subfield code="f">1913-2006</subfield></datafield><datafield tag="702" ind1=" " ind2="1"><subfield code="a">Resende</subfield><subfield code="b">Júlio</subfield><subfield code="c">pseud.</subfield><subfield code="4">440</subfield></datafield><datafield tag="801" ind1=" " ind2="0"><subfield code="a">PT</subfield><subfield code="b">Biblioteca Municipal de Montalegre</subfield><subfield code="g">RPC</subfield></datafield><datafield tag="856" ind1=" " ind2=" "><subfield code="u">locateMedia.asp?cod=20060522165405&amp;ext=jpg</subfield><subfield code="z">CAPA</subfield></datafield><datafield tag="909" ind1="&#9;" ind2=" "><subfield code="a">2</subfield></datafield><datafield tag="966" ind1=" " ind2=" "><subfield code="a">0001353</subfield><subfield code="l">BMM</subfield><subfield code="s">SI 82-93 LOS rei 7</subfield></datafield><datafield tag="966" ind1=" " ind2=" "><subfield code="a">1001016</subfield><subfield code="l">BEM</subfield><subfield code="s">BEM 83-93 LOS</subfield></datafield></record></collection>